@article{frisch1996exploring,
  title={Exploring Chemistry with Electronic Structure Methods},
  author={Frisch, AE and Foresman, JB and others},
  journal={Pittsburgh PA: Gaussian Inc},
  volume={302},
  year={1996}
}
@article{Pulay1980,
abstract = {Based on a recent method of Pople et al for the solution of large systems of linear equations, a procedure is given for accelerating the convergence of slowly converging quasi-Newton- Raphson type algorithms. This procedure is particularly advantageous if the number of parameters is so large that the calculation and storage of the hessian is no longer practical. Application to the SCF problem is treated in detail.},
author = {Pulay, P\'{e}ter},
issn = {00092614},
journal = {Chem. Phys. Lett.},
month = jul,
number = {2},
pages = {393--398},
title = {{Convergence acceleration of iterative sequences. the case of scf iteration}},
url = {http://www.sciencedirect.com/science/article/pii/0009261480803964},
volume = {73},
year = {1980}
}
@article{DAgger,
  title={A reduction of imitation learning and structured prediction to no-regret online learning},
  author={Ross, Stephane  and Gordon, Geoffrey J. and  Bagnell, J. Andrew },
  journal={arXiv},
  volume={1011.0686},
  year={2011}
}
@article{DAggerCompare,
  title={An investigation of imitation learning algorithms for structured prediction},
  author={Vlachos, Andreas},
  journal={J. Mach. Learn. Res.},
  volume={24},
  pages ={143-153},
  year={2012}
}
@article{Ross,
  title={Efficient reductions for imitation learning},
  author={Vlachos, Andreas},
  journal={AISTATS},
  volume={Ross, Stephane and Bagnell,  J. Andrew},
  year={2010}
}
@article{Konstantin2002,
  title={A black-box self-consistent field convergence algorithm: One step closer},
  author={Kudin, Konstantin N. and Scuseria, Gustavo E. and Canc\'{e}s, Eric },
  journal={J. Chem. Phys.},
  volume={116},
  pages ={8255},
  year={2010}
}
@article{Thorsten2011,
  title={An analysis for the DIIS acceleration method used in quantum chemistry calculations},
  author={Rohwedder, Thorsten and Schneider, Reinhold},
  journal={J. Math. Chem.},
  volume={49},
  number={9},
  pages ={1889},
  year={2011}
}
@article{Alejandro2012,
  title={Comparison of self-consistent field convergence acceleration techniques},
  author={Garza, Alejandro J. and Scuseria, Gustavo E.},
  journal={J. Chem. Phys.},
  volume={137},
  pages={054110},
  year={2012}
}
@article{ADIIS,
   author = "Hu, Xiangqian and Yang, Weitao",
   title = "Accelerating self-consistent field convergence with the augmented Roothaanâ€“Hall energy function",
   journal = "The Journal of Chemical Physics",
   year = "2010",
   volume = "132",
   number = "5", 
   eid = 054109,
   pages = "-",
   url = "http://scitation.aip.org/content/aip/journal/jcp/132/5/10.1063/1.3304922",
   doi = "http://dx.doi.org/10.1063/1.3304922" 
}
@article{compScuseria,
   author = "Garza, Alejandro J. and Scuseria, Gustavo E.",
   title = "Comparison of self-consistent field convergence acceleration techniques",
   journal = "The Journal of Chemical Physics",
   year = "2012",
   volume = "137",
   number = "5", 
   eid = 054110,
   pages = "-",
   url = "http://scitation.aip.org/content/aip/journal/jcp/137/5/10.1063/1.4740249",
   doi = "http://dx.doi.org/10.1063/1.4740249" 
}


